@book{mccool2012structured,
  title={Structured parallel programming: patterns for efficient computation},
  author={McCool, Michael and Reinders, James and Robison, Arch},
  year={2012},
  publisher={Elsevier}
}

@inproceedings{danelutto2016divide,
	title={A divide-and-conquer parallel pattern implementation for multicores},
	author={Danelutto, Marco and De Matteis, Tiziano and Mencagli, Gabriele and Torquati, Massimo},
	booktitle={Proceedings of the 3rd International Workshop on Software Engineering for Parallel Systems},
	pages={10--19},
	year={2016},
	organization={ACM}
}
